@online{tez,
author = "Roopesh Shenoy",
title = "What is Apache Tez?",
year = "2014",
month = "April",
url = "https://www.infoq.com/articles/apache-tez-saha-murthy/"
}
@online{apacheTez,
editor = "Apache Software Foundation",
title = "Welcome to Apache TEZ",
year = "2019",
url = "http://tez.apache.org/"
}
@online{neo4jImport,
editor = "Neo4J Inc.",
title = "B.2. Use the Import tool",
year = "v3.5",
url = "https://neo4j.com/docs/operations-manual/current/tutorial/import-tool/"
}
@online{neo4jEnterprise,
editor = "Neo4J Inc.",
title = "Chapter 1. Introduction",
year = "v3.5",
url = "https://neo4j.com/docs/operations-manual/current/introduction/#enterprise-edition"
}
@online{riakTutorial,
editor = "Basho Technologies",
title = "Tutorial - Riak Python Client",
year = "v1.5",
url = "https://riak-python-client.readthedocs.io/en/1.5-stable/tutorial.html"
}